@misc{GespraechPeterAxel,
author = {Bernhard, Axel and Peiffer, Peter},
note = {Pers{\"o}nliches Gespr{\"a}ch im MÃ¤rz 2013.}
}