@article{tdr,
        author = "T. {Abe} and others",
        title = "{Belle II Technical Design Report}",
        collaboration = "Belle II Collaboration",
        year = "2010",
        eprint = "1011.0352",
        archivePrefix = "arXiv",
        primaryClass = "physics.ins-det",
        reportNumber = "KEK-REPORT-2010-1",
        SLACcitation = "\%\%CITATION = ARXIV:1011.0352;\%\%"
}

@article{moll_basf2,
    title={The Software Framework of the {Belle II} Experiment},
    author={Moll, A.},
    journal={Journal of Physics: Conference Series (CHEP 2010)},
    volume={331},
    pages={032024},
    year={2011},
    organization={IOP Publishing},
    doi={10.1088/1742-6596/331/3/032024},
}


@mastersthesis{christian,
      author       = {Pulvermacher, Christian},
      title        = {{dE/dx particle identification and pixel detector data
                      reduction for the Belle II experiment}},
      school       = {KIT},
      type         = "{Diploma thesis}",
      reportid     = {IEKP-KA/2012-09},
      year         = {2012},
      url          = {https://ekp-invenio.physik.uni-karlsruhe.de/record/48263},
}

@misc{DesyWebseite,
  title = "Sketch of {SuperKEKB}",
  url = "http://belle2.desy.de/sites2009/site_belle2/content/e103206/e103207/SuperKEKB:BelleII.jpg",
  year = {2015}
}

@article{coordinate,
      author       = "T. Hara and T. Kuhr and Y. Ushiroda",
      title        = "{Belle II Coordinate System and Guideline of Belle II
                      Numbering Scheme}",
      month        = "Aug",
      year         = "2011",
}

@article{jakob,
      author         = "Frühwirth, Rudolf and Glattauer, Robin and
                        Lettenbichler, Jakob and Mitaroff, Winfried and Nadler,
                        Moritz",
      title          = "{Track finding in silicon trackers with a small number of
                        layers}",
      booktitle      = "{Proceedings, 13th Vienna Conference on Instrumentation
                        (VCI 2013)}",
      journal        = "Nucl. Instrum. Meth.",
      volume         = "A732",
      year           = "2013",
      pages          = "95-98",
      doi            = "10.1016/j.nima.2013.06.035",
      SLACcitation   = "%%CITATION = NUIMA,A732,95;%%"
}

@article{ grupen,
        title = "Particle Detectors",
        author = {C. Grupen and A. B{\"o}hrer and L. Smol{\'i}k},
        isbn = "9780521552165",
        lccn = "95018455",
        year = "1996",
        series = "Cambridge monographs on particle physics, nuclear physics, and cosmology",
        publisher = "Cambridge University Press",
}

@article{bethe,
  author={Bethe, H.A. and Ashkin, J.},
  year={1953},
  title={{Passage of radiation through matter}},
  publisher={Segré, E.},
  journal={Experimental Nuclear Physics},
  volume={1},
  number={II}
}

@mastersthesis{oliver,
        author={Frost, Oliver},
        title={{A Local Tracking Algorithm for the Central Drift Chamber of Belle II}},
        school = {KIT},
        type = "{Diploma thesis}",
        year={2013},
        url={http://ekp-invenio.physik.uni-karlsruhe.de/record/48172}
}



@phdthesis{kronenbitter,
  author       = {Kronenbitter, Bastian},
  title        = {{Measurement of the branching fraction of $B^+ \to \tau^+ \nu_\tau$ decays at the Belle experiment}},
  school       = {KIT},
  reportid     = {EKP-2015-00003},
  year         = {2014},
  keywords     = {Dissertation (GND)},
  cin          = {Belle},
  cid          = {I:(DE-IEKP)Belle-20121205},
  typ          = {PUB:(DE-HGF)11},
  url          = {https://ekp-invenio.physik.uni-karlsruhe.de/record/48604},
}

@mastersthesis{keck,
      author       = {Keck, Thomas},
      title        = {{The Full Event Interpretation for Belle II}},
      school       = {KIT},
      reportid     = {EKP-2015-00001},
      year         = {2014},
      keywords     = {Unveröffentlichte Hochschulschrift (GND)},
      cin          = {Belle II},
      cid          = {I:(DE-IEKP)Belle2-20121205},
      typ          = {PUB:(DE-HGF)19},
      url          = {https://ekp-invenio.physik.uni-karlsruhe.de/record/48602},
}

@article{friedman,
 author = {Friedman, Jerome H.},
 title = {Stochastic Gradient Boosting},
 journal = {Comput. Stat. Data Anal.},
 issue_date = {28 February 2002},
 volume = {38},
 number = {4},
 month = feb,
 year = {2002},
 issn = {0167-9473},
 pages = {367--378},
 numpages = {12},
 url = {http://dx.doi.org/10.1016/S0167-9473(01)00065-2},
 doi = {10.1016/S0167-9473(01)00065-2},
 acmid = {635941},
 publisher = {Elsevier Science Publishers B. V.},
 address = {Amsterdam, The Netherlands, The Netherlands},
} 

@article {cdc_design,
  collaboration = {{KEK High energy accelorator research organisation}},
  title = {{New electronics tested for Belle II central drift chamber}},
  year={2010},
  url={http://www2.kek.jp/proffice/archives/feature/2010/pdf/BelleIICDCDesign.pdf}
}


@misc{python,
  year = {1991},
  collaboration = {{Python Software Foundation}},
  title = {{Python 2.7 programming language}},
  url = {https://www.python.org/},
}

@misc{cpp,
  year={2014},
  collaboration={{International Organization for Standardization (ISO)}},
  title={{ISO International Standard ISO/IEC 14882:2014(E) – Programming Language C++}},
  url={https://isocpp.org/std/the-standard}
}

@misc{tclonesarray,
    title = "{ROOT} Documentation for {TClonesArray}",
    url={https://root.cern.ch/root/html/TClonesArray.html},
    year = {2015}
}

@misc{cling,
    title = "{ROOT} Documentation for {CLING}",
    url={https://root.cern.ch/cling},
    year = {2015}
}

@article{legendre,
      author         = "Alexopoulos, T. and Bachtis, M. and Gazis, E. and
                        Tsipolitis, G.",
      title          = "{Implementation of the Legendre Transform for track
                        segment reconstruction in drift tube chambers}",
      journal        = "Nucl. Instrum. Meth.",
      volume         = "A592",
      year           = "2008",
      pages          = "456-462",
      doi            = "10.1016/j.nima.2008.04.038",
      SLACcitation   = "%%CITATION = NUIMA,A592,456;%%"
}

@article{evtgen,
    author         = "Lange, D.J.",
    title          = "{The EvtGen particle decay simulation package}",
    journal        = "Nucl. Instrum. Meth.",
    volume         = "A462",
    pages          = "152--155",
    doi            = "10.1016/S0168-9002(01)00089-4",
    year           = "2001",
    SLACcitation   = "%%CITATION = NUIMA,A462,152;%%",
}


@article{root,
  title={{ROOT} -- an object oriented data analysis framework},
  author={Brun, Rene and Rademakers, Fons},
  journal        = "Nucl. Instrum. Meth.",
  volume={A389},
  number={1},
  pages={81--86},
  year={1997},
  publisher={Elsevier}
}

@article{viktor_dpg,
  title={{Applying Legendre transformation method for Belle II tracking}},
  author={Trusov, Viktor},
  journal={{DPG spring meeting}},
  year={2014}
}

@misc{hough,
  title={Method and means for recognizing complex patterns},
  author={C, H.P.V.},
  url={https://www.google.com/patents/US3069654},
  year={1962},
  month=dec # "~18",
  publisher={Google Patents},
  note={US Patent 3,069,654}
}


@article{daf_fruh,
      author         = {Frühwirth, R. and Strandlie, A.},
      title          = {{Track fitting with ambiguities and noise: A study of elastic tracking and nonlinear filters}},
      journal        = "Comput. Phys. Commun.",
      volume         = "120",
      year           = "1999",
      number         = "2-3",
      pages          = "197-214",
      doi            = "10.1016/S0010-4655(99)00231-3",
      SLACcitation   = "%%CITATION = CPHCB,120,197;%%"
}


@book{cowan,
  title={Statistical Data Analysis},
  author={Cowan, G.},
  isbn={9780198501558},
  lccn={98014554},
  series={Oxford Science Publications},
  ignoreurl={http://books.google.de/books?id=D\_v4ckw24gwC},
  year={1998},
  publisher={Clarendon Press}
}
@book{blobel,
  title={Statistische und numerische Methoden der Datenanalyse},
  author={Blobel, V. and Lohrmann, E.},
  isbn={9783519032434},
  ignoreseries={Teubner Studienbücher: Physik},
  ignoreurl={http://books.google.de/books?id=NcIxajwHOZIC},
  year={1998},
  publisher={Teubner}
}
@article{genfit,
    author         = "Höppner, C. and Neubert, S. and Ketzer, B. and Paul, S.",
    title          = "{A Novel Generic Framework for Track Fitting in Complex Detector Systems}",
    journal        = "Nucl. Instrum. Meth.",
    volume         = "A620",
    pages          = "518--525",
    doi            = "10.1016/j.nima.2010.03.136",
    year           = "2010",
    eprint         = "0911.1008",
    archivePrefix  = "arXiv",
    primaryClass   = "hep-ex",
    SLACcitation   = "%%CITATION = ARXIV:0911.1008;%%",
}

@article{kalman,
    Author = {Kalman, Rudolph Emil},
    Title = {{A New Approach to Linear Filtering and Prediction Problems}},
    Journal = {{Transactions of the ASME--Journal of Basic Engineering}},
    Volume = {82},
    Number = {Series D},
    Pages = {35--45},
    Year = {1960}
}

@article{cats,
title = "{CATS: a cellular automaton for tracking in silicon for the HERA-B vertex detector }",
journal = "Nuclear Instruments and Methods in Physics Research Section A: Accelerators, Spectrometers, Detectors and Associated Equipment ",
volume = "489",
number = "1–3",
pages = "389 - 405",
year = "2002",
note = "",
issn = "0168-9002",
doi = "http://dx.doi.org/10.1016/S0168-9002(02)00790-8",
url = "http://www.sciencedirect.com/science/article/pii/S0168900202007908",
author = "I. Abt and D. Emeliyanov and I. Kisel and S. Masciocchi",
keywords = "Pattern recognition",
keywords = "Track reconstruction",
keywords = "Cellular automaton",
keywords = "Kalman filter",
keywords = "Silicon Microstrip Detector",
keywords = "HERA-B "
}

@article{kisel,
title = "Cellular automaton and elastic net for event reconstruction in the NEMO-2 experiment ",
journal = "Nuclear Instruments and Methods in Physics Research Section A: Accelerators, Spectrometers, Detectors and Associated Equipment ",
volume = "387",
number = "3",
pages = "433 - 442",
year = "1997",
note = "",
issn = "0168-9002",
doi = "http://dx.doi.org/10.1016/S0168-9002(97)00097-1",
url = "http://www.sciencedirect.com/science/article/pii/S0168900297000971",
author = "I. Kisel and V. Kovalenko and others"
}


@Article{ PDG,
        volume = "37",
        journal = "J.~Physics G",
        author = "K. {Nakamura} and others",
        collaboration = "Particle Data Group",
        year = "2010",
        title = "Review of Particle Physics",
        pages = "075021"
}

@article{landau,
    author         = "Landau, L.",
    title          = "{On the energy loss of fast particles by ionization}",
    journal        = "J.Phys.(USSR)",
    volume         = "8",
    pages          = "201--205",
    year           = "1944",
    SLACcitation   = "%%CITATION = JOPYA,8,201;%%",
}

@book{griffiths,
  title={Introduction to Elementary Particles},
  author={Griffiths, D.J.},
  isbn={9783527406012},
  ignoreseries={Physics Textbook},
  ignoreurl={http://books.google.de/books?id=w9Dz56myXm8C},
  year={2008},
  publisher={Wiley-VCH}
}

@misc{boost,
    title = "Boost {C++} Libraries",
    url="http://www.boost.org",
}

@article{geant4,
  title={{GEANT4} -- a simulation toolkit},
  author={Agostinelli, Sea and Allison, John and Amako, K al and Apostolakis, J and Araujo, H and Arce, P and Asai, M and Axen, D and Banerjee, S and Barrand, G and others},
  journal        = "Nucl. Instrum. Meth.",
  volume={A506},
  number={3},
  pages={250--303},
  year={2003},
  publisher={Elsevier},
  url={https://inspirehep.net/record/593382/files/fermilab-pub-03-339.pdf}
}

@article{robert,
      author       = "R. Maria and I. Ripp-Baudot",
      title        = {{Estimation of low momenta using energy deposition in Belle
                      II silicon detectors}},
      month        = "Jul",
      year         = "2015",
}

@article{bfactories,
  author         = "Bevan, A. J. and others",
  title          = "{The Physics of the $B$ Factories}",
  collaboration  = "Belle, BaBar",
  journal        = "Eur. Phys. J.",
  volume         = "C74",
  year           = "2014",
  number         = "11",
  pages          = "3026",
  doi            = "10.1140/epjc/s10052-014-3026-9",
  eprint         = "1406.6311",
  archivePrefix  = "arXiv",
  primaryClass   = "hep-ex",
  reportNumber   = "SLAC-PUB-15968, KEK-PREPRINT-2014-3,
  FERMILAB-PUB-14-262-T",
  SLACcitation   = "%%CITATION = ARXIV:1406.6311;%%"
}

@misc{sergey,
  howpublished="private communication",
  author={Sergey Yashchenko},
  year={2015}
}

@misc{jupyter,
    title = "{Jupyter and IPython website}",
    url={http://ipython.org/},
    year = "2015"
}

@article{root_ipython,
   author = "Danielo Piparo and Enric Tejedor Saavedra",
   title = {{ROOTaaS}: {ROOT} as a Service},
   collaboration = {CERN},
   year = "2015",
   url={http://indico.cern.ch/event/349459/session/1/contribution/30}
}

@article{multiprocessing,
    title = "Documentation of the multiprocessing module",
    url={https://docs.python.org/2/library/multiprocessing.html},
    year = "2015"
}





@misc{docker,
    title = "Documentation of the docker software",
    url={https://www.docker.com/whatisdocker},
    year = "2015"
}

@misc{ansible,
    title = "Documentation of the ansible software",
    url={https://docs.ansible.com/},
    year = "2015"
}

@misc{jupyterhub,
    title = "Documentation of the jupyterhub project",
    url={https://github.com/jupyter/jupyterhub},
    year = "2015"
}

@misc{tmpnb,
    title = "The tmpnb project",
    url={http://tmpnb.org},
    year = "2015"
}

@misc{pandas,
    title = "Documentation of the pandas module",
    url={http://pandas.pydata.org/pandas-docs/stable/},
    year = "2015"
}

@misc{matplotlib,
    title = "Documentation of the matplotlib module",
    url={http://matplotlib.org/},
    year = "2015"
}

@misc{root-pandas,
    title = "{root\_pandas project on github}",
    author = {Babuschkin, Igor},
    url={https://github.com/ibab/root_pandas},
    year={2015}
}

@misc{root-numpy,
    title = "{Documentation of the root\_numpy project}",
    url={https://pypi.python.org/pypi/root_numpy},
    year={2015}
}